@misc{masm_fpu_docs,
  author = "{Matt Mahoney}",
  title = "Floating Point Assembly Language",
  year = "October 2004",
  url = "https://cs.fit.edu/~mmahoney/cse3101/float.html",
  note = "[2019-12-3]"
}
